@Article{Patel14,
author = {Shivam Patel, Yogesh Chauhan} ,
title = {Heart attack detection and Medical attention using
Motion Sensing Device-Kinect},
journal = {International Journal of Scientific and Research Publications(IJSRP)},
year = 2014,
volume = 4,
pages = {Issue 1}
}

@manual{Kinect, 
title = {Technical documentation and tools},
adress = {http://www.microsoft.com/en-us/kinectforwindows/develop/downloads-docs.aspx}}

@Article{Bous ,
author = {Bousefsaf, F., Maaoui, C., & Pruski, A.} ,
title = {Continuous wavelet filtering on webcam photoplethysmographic signals to remotely assess the instantaneous heart rate. Biomedical Signal Processing and Control},
journal = {},
year = 2013,
volume = 8,
pages = {568–574}}

@Article{Cenn ,
author = {Cennini, G., Arguel, J., Akşit, K., & van Leest, A. } ,
title = {Heart rate monitoring via remote photoplethysmography with motion artifacts reduction. Optics Express},
journal = {http://www.ncbi.nlm.nih.gov/pubmed/20389499},
year = 2010,
volume = 18,
pages = {4867–75}}

@Article{Kran ,
author = {Kranjec, J., Beguš, S., Geršak, G., & Drnovšek, J.},
title = {Non-contact heart rate and heart rate variability measurements: A review. Biomedical Signal Processing and Control},
journal = {j.bspc.2014.03.004},
year = 2014,
volume = 13,
pages = {102–112}}

@Article{Tara,
author = {Tarassenko, L., Villarroel, M., Guazzi, a, Jorge, J., Clifton, D. a, & Pugh, C.},
title = {Non-contact video-based vital sign monitoring using ambient light and auto-regressive models. Physiological Measurement},
journal = {doi:10.1088/0967-3334/35/5/807},
year = 2014,
volume = 35,
pages = {807–31}}

@Article{Verkr,
author = {Verkruysse, W., Svaasand, L. O., & Nelson, J. S.},
title = {Remote plethysmographic imaging using ambient light. Optics Express},
journal = {doi:10.1364/OE.16.021434},
year = 2008,
volume = 16,
pages = {21434}}

@Article{Wu,
author = {Wu, H.-Y., Rubinstein, M., Shih, E., Guttag, J., Durand, F., & Freeman, W.},
title = {Eulerian video magnification for revealing subtle changes in the world. ACM Transactions on Graphics},
journal = {doi:10.1145/2185520.2185561},
year = 2012,
volume = 4,
pages = {1-8}}

@Article{Ufuk,
author = {Ufuk Bal},
title = {Non-contact estimation of heart rate and oxygen saturation using ambient light. Biomedical Optics Express},
journal = {http://dx.doi.org/10.1364/BOE.6.000086},
year = 2015,
volume = 6,
pages = {86-97}}



@techreport{Goins,
author = {Dwight, Goins},
title= {Using Kinect HD Face to make the MicroHeadGesture Library},
institution = {D Goins Insperience},
year = 2014}
